<?xml version="1.0" encoding="UTF-8"?><collection xmlns="http://www.loc.gov/MARC21/slim"><record><leader>00343nam--2200121-i-4500</leader><controlfield tag="001">000008264</controlfield><controlfield tag="002">20161230</controlfield><controlfield tag="005">20161230201027</controlfield><controlfield tag="008">060222s1000------------r-----000-0-eng-d</controlfield><datafield ind1=" " ind2=" " tag="100"><subfield code="a">Bagna,O.,Weill-cohen,A., Bonet-maury,P</subfield></datafield><datafield ind1=" " ind2=" " tag="245"><subfield code="a">La dosimetrie chimique des particules de haute energie</subfield></datafield><datafield ind1=" " ind2=" " tag="260"><subfield code="a">Saclay, C.E.N.  3 P. +3 P.Fig</subfield></datafield><datafield ind1=" " ind2=" " tag="852"><subfield code="a">27643</subfield></datafield></record></collection>